@article{slama2018structure,
  title={Structure and selforganization of aggregates of photosynthetic molecules},
  author={Sl{\'a}ma, Vladislav},
  year={2018},
  publisher={Univerzita Karlova, Matematicko-fyzik{\'a}ln{\'\i} fakulta}
}


@article{kosumi2018singlet,
  title={Singlet and triplet excited states dynamics of photosynthetic pigment chlorophyll a investigated by sub-nanosecond pump-probe spectroscopy},
  author={Kosumi, Daisuke and Nishiguchi, Tomoya and Amao, Yutaka and Cogdell, RJ and Hashimoto, Hideki},
  journal={Journal of Photochemistry and Photobiology A: Chemistry},
  volume={358},
  pages={374--378},
  year={2018},
  publisher={Elsevier}
}
