@Article{test-entry,
  author = 	 {New author},
  title = 	 {Some title},
  journal = 	 {Some journal},
  year = 	 42}

